<record><leader>00000cas a22000007a 4500</leader><controlfield tag="001">16702714</controlfield><controlfield tag="008">870917d188u18uutxuwr ne      0    0eng d</controlfield><datafield ind1=" " ind2=" " tag="010"><subfield code="a">sn 87090769 </subfield></datafield><datafield ind1=" " ind2=" " tag="040"><subfield code="a">PPM</subfield><subfield code="b">eng</subfield><subfield code="c">PPM</subfield><subfield code="d">OCLCQ</subfield></datafield><datafield ind1=" " ind2=" " tag="042"><subfield code="a">msc</subfield></datafield><datafield ind1="0" ind2="0" tag="245"><subfield code="a">Weekly Democrat and reporter.</subfield></datafield><datafield ind1=" " ind2=" " tag="260"><subfield code="a">Tyler, Tex. :</subfield><subfield code="b">H.V. Hamilton</subfield></datafield><datafield ind1=" " ind2=" " tag="310"><subfield code="a">Weekly</subfield></datafield><datafield ind1=" " ind2=" " tag="588"><subfield code="a">Description based on: Vol., no. 838 (July 20, 1889).</subfield></datafield><datafield ind1=" " ind2=" " tag="752"><subfield code="a">United States</subfield><subfield code="b">Texas</subfield><subfield code="c">Smith</subfield><subfield code="d">Tyler.</subfield></datafield><datafield ind1="0" ind2=" " tag="775"><subfield code="t">Evening Democrat-reporter</subfield><subfield code="w">(DLC)sn 86090416</subfield></datafield><datafield ind1="0" ind2=" " tag="775"><subfield code="t">Daily Democrat-reporter</subfield><subfield code="w">(DLC)sn 88083762</subfield></datafield><datafield ind1="0" ind2="0" tag="780"><subfield code="t">Tyler Democrat and reporter</subfield><subfield code="w">(DLC)sn 86089219</subfield></datafield></record>